<record><leader>00000cas a22000007a 4500</leader><controlfield tag="001">10129579</controlfield><controlfield tag="008">831115d19371937ksuwr ne      0   a0eng d</controlfield><datafield ind1=" " ind2=" " tag="010"><subfield code="a">sn 83040916 </subfield></datafield><datafield ind1=" " ind2=" " tag="040"><subfield code="a">KSH</subfield><subfield code="b">eng</subfield><subfield code="c">KSH</subfield><subfield code="d">NPT</subfield><subfield code="d">OCLCQ</subfield></datafield><datafield ind1=" " ind2=" " tag="042"><subfield code="a">msc</subfield></datafield><datafield ind1=" " ind2=" " tag="043"><subfield code="a">n-us-ks</subfield></datafield><datafield ind1="0" ind2="4" tag="245"><subfield code="a">The Times and the economist.</subfield></datafield><datafield ind1=" " ind2=" " tag="260"><subfield code="a">Clay Center, Kan. :</subfield><subfield code="b">L.F. Valentine :</subfield><subfield code="b">Harry E. Valentine,</subfield><subfield code="c">1937.</subfield></datafield><datafield ind1=" " ind2=" " tag="300"><subfield code="a">1 v. :</subfield><subfield code="b">ill. ;</subfield><subfield code="c">55 cm.</subfield></datafield><datafield ind1=" " ind2=" " tag="310"><subfield code="a">Weekly</subfield></datafield><datafield ind1="0" ind2=" " tag="362"><subfield code="a">Vol. 60, no. 18 (May 6, 1937)-v. 60, no. 97 (Nov. 25, 1937).</subfield></datafield><datafield ind1=" " ind2=" " tag="500"><subfield code="a">Published on Thursday.</subfield></datafield><datafield ind1=" " ind2=" " tag="530"><subfield code="a">Available on microfilm from Micro Photo.</subfield></datafield><datafield ind1="1" ind2=" " tag="700"><subfield code="a">Valentine, L. F.</subfield></datafield><datafield ind1="1" ind2=" " tag="700"><subfield code="a">Valentine, Harry E.</subfield></datafield><datafield ind1=" " ind2=" " tag="752"><subfield code="a">United States</subfield><subfield code="b">Kansas</subfield><subfield code="c">Clay</subfield><subfield code="d">Clay Center.</subfield></datafield><datafield ind1="0" ind2="4" tag="780"><subfield code="t">Times (Clay Center, Kan. : 1881)</subfield><subfield code="w">(DLC)sn 83040914</subfield></datafield><datafield ind1="0" ind2="4" tag="780"><subfield code="t">Economist (Clay Center, Kan.)</subfield><subfield code="w">(DLC)sn 83040919</subfield></datafield><datafield ind1="0" ind2="0" tag="785"><subfield code="t">Times (Clay Center, Kan. : 1937)</subfield><subfield code="w">(DLC)sn 83040915</subfield></datafield><datafield ind1="1" ind2=" " tag="029"><subfield code="a">AU@</subfield><subfield code="b">000025806075</subfield></datafield></record>